@book{fletcher_1980_practical,
  author = {Fletcher, Roger},
  title = {Practical Methods of Optimization: Constrained Optimization},
  year = {1980}
}

@book{stefanov_2019_primeiros,
  author = {Stefanov, Stoyan},
  month = {05},
  publisher = {Novatec Editora},
  title = {Primeiros Passos Com React},
  year = {2019}
}

@book{bertsekas_1996_constrained,
  author = {Bertsekas, Dimitri P},
  publisher = {Athena Scientific},
  title = {Constrained Optimization and Lagrange Multiplier Methods},
  year = {1996}
}

@misc{veverka_2004_balancing,
  author = {Veverka, Vladimír},
  month = {08},
  pages = {1-93},
  publisher = {ChemPlant Technology},
  title = {Balancing and Data Reconciliation Minobook},
  year = {2004}
}

@book{carl_1974_histria,
  author = {Carl, Boyer},
  publisher = {Edgard Blucher},
  title = {História da Matemática},
  year = {1974}
}

@misc{soudek_data,
  author = {Soudek, Ales},
  publisher = {OSI Software, Inc},
  title = {Data Reconciliation and Data Quality}
}

@misc{grosdidier_1998_operation,
  author = {Grosdidier, Pierre},
  publisher = {Aspen Technology, Inc},
  title = {Operation Information Systems},
  year = {1998}
}

@article{_2013_computational,
  author = {, Jesús-David Badillo-Herrera and , Arlex Chaves and , José-Augusto Fuentes-Osorio},
  pages = {31-46},
  title = {Computational Tool for Material Balances Control in Natural Gas Distribution Network},
  volume = {5},
  year = {2013},
  journal = {Tecnología Y Futuro}
}

@article{_1961_computer,
  author = {, D.R. Kuehn and , Harold Davidson},
  month = {06},
  pages = {44-47},
  title = {Computer Control II. Mathematic of Control},
  volume = {57},
  year = {1961},
  journal = {Chemical Engineering Progress}
}

@book{shankar_1999_data,
  author = {Shankar, Dr and Jordache, Cornelius},
  month = {11},
  publisher = {Elsevier},
  title = {Data Reconciliation and Gross Error Detection},
  year = {1999}
}

@book{haverbeke_2014_eloquent,
  author = {Haverbeke, Marijn},
  publisher = {No Starch Press},
  title = {Eloquent javascript, 2nd ed. : a Modern Introduction to Programming},
  year = {2014}
}

@article{torezani_2020_produtividade,
  author = {Torezani, Tomás Amaral},
  month = {12},
  pages = {e0200029},
  title = {Produtividade Da Indústria Brasileira},
  volume = {19},
  year = {2020},
  journal = {Revista Brasileira de Inovação}
}

@book{_2016_reactjs,
  author = {, Vipul A. M; Prathamesh Sonpatki},
  publisher = {Packt Publishing},
  title = {ReactJS by Example - Building Modern Web Applications with React},
  year = {2016}
}

@article{ragot_2004_reformulation,
  author = {Ragot, José and Maquin, Didier},
  month = {02},
  pages = {1530-1536},
  title = {Reformulation of Data Reconciliation Problem with Unknown-but-Bounded Errors},
  doi = {10.1021/ie020213s},
  volume = {43},
  year = {2004},
  journal = {Industrial Engineering Chemistry Research}
}

@article{doan_2014_web,
  author = {Doğan, Serdar and Betin-Can, Aysu and Garousi, Vahid},
  month = {05},
  pages = {174-201},
  title = {Web Application testing: a Systematic Literature Review},
  doi = {10.1016/j.jss.2014.01.010},
  urldate = {2024-03-14},
  volume = {91},
  year = {2014},
  journal = {Journal of Systems and Software}
}

@misc{a2022_setor,
  month = {11},
  title = {Setor Industrial É Responsável Por 20,4% Do Produto Interno Bruto Brasileiro, Segundo CNI},
  url = {https://www.gov.br/casacivil/pt-br/assuntos/noticias/2021/maio/setor-industrial-e-responsavel-por-20-4-do-produto-interno-bruto-brasileiro-segundo-cni},
  urldate = {2024-03-14},
  year = {2022},
  organization = {Casa Civil}
}

@misc{sabino_2022_a,
  author = {Sabino, Daniela and Wildner, Franklin and Macchi, Gabriel and Kaiser, Henrique and Dluzniewski, Laura and Martins, Marcelo and Dutra, Pablo and Deisi, Sarmento and Weber, Diel},
  title = {A PARTICIPAÇÃO DA INDÚSTRIA NO PIB BRASILEIRO},
  urldate = {2024-03-14},
  year = {2022}
}

@article{leal_2021_inovao,
  author = {Leal, Carlos Ivan Simonsen and Figueiredo, Paulo N.},
  month = {05},
  pages = {512-537},
  title = {Inovação Tecnológica No Brasil: Desafios E Insumos Para Políticas Públicas},
  doi = {10.1590/0034-761220200583},
  urldate = {2024-03-14},
  volume = {55},
  year = {2021},
  journal = {Revista de Administração Pública}
}