% Encoding: UTF-8

@Article{joao1,
  author  = {João da Silva and Marcos Coelho and Maisa Moura},
  title   = {Como fazer Monografia},
  journal = {Revista UFOP},
  year    = {2015},
  pages   = {1-10},
}

@book{ogata,
  Author = {Katsuhiko Ogata},
  Title = {Engenharia de Controle Moderno},
  address   = {São Paulo},
  Publisher = {Person Prentice Hall},
  Year = {2010},
  ISBN = {8576058103},
}

@Book{exemplolivro,
  title     = {Exemplo Livro},
  publisher = {Editora},
  year      = {2004},
  author    = {Salomão Braga},
  address   = {Ouro Preto},
  edition   = {3},
}

@MastersThesis{ModeloDissertacao,
  author = {Maisa Silva Moura},
  title  = {Título da Dissertação},
  school = {Universidade Federal de Ouro Preto},
  year   = {2016},
}

@article{neves2002,
  title={A imagem das institui{\c{c}}{\~o}es de ensino superior e a qualidade do ensino de gradua{\c{c}}{\~a}o: a percep{\c{c}}{\~a}o dos acad{\^e}micos do curso de administra{\c{c}}{\~a}o},
  author={Neves, Adriane Bayerl and Ramos, Cleber Fagundes},
  journal={Revista de Economia e Administra{\c{c}}{\~a}o},
  volume={1},
  number={1},
  pages={75--84},
  year={2002},
}

@InBook{ModeloCapLivro,
  chapter   = {Capitulo Livro},
  pages     = {1 - 10},
  title     = {Título do livro},
  publisher = {Editora},
  year      = {2016},
  author    = {Paulo Silva and Marcos Coelho},
  address   = {Belo Horizonte},
  edition   = {1},
  school    = {Universidade Federal de Ouro Preto},
}

@Manual{NBR10520,
  title         = {{NBR} 10520},
  organization  = {Associac\~ao Brasileira de Normas T\'ecnicas},
  address       = {Rio de Janeiro},
  month         = {agosto},
  year          = {2002},
  date-added    = {2012-12-15 21:43:38 +0000},
  date-modified = {2013-01-12 22:17:20 +0000},
  org-short     = {ABNT},
  pages         = {1-7},
  subtitle      = {Informação e documentação - Apresentação de citações em documentos},
}

@article{sbse,
    journal={IV Simpósio Brasileiro de Sistemas Elétricos (SBSE)},
    author = {Vasconcellos, Arnulfo Barroso de and Camolesi, Sthefany Campos and da Silva, Luciana Oliveira and Anabuki, Erika Tiemi and Malheiro, Teresa I. R. C.},
    title = {{Análise da Migração de uma Consumidora para o Mercado Livre de Energia}},
    year = {2012},
}

@article{Elfes1989grid,
  doi = {10.1109/2.30720},
  url = {https://doi.org/10.1109/2.30720},
  year  = {1989},
  publisher = {{IEEE}},
  volume = {22},
  number = {6},
  pages = {46--57},
  author = {A. Elfes},
  title = {Using occupancy grids for mobile robot perception and navigation},
  journal = {Computer}
}